// My Classes
@Unpublished{ref:55a,
  title        = "Math 55a: Honors Abstract and Linear Algebra",
  year         = "2014",
  author       = "Dennis Gaitsgory",
  editor       = "Evan Chen",
  publisher    = "Harvard College",
  URL          = "https://web.evanchen.cc/coursework.html",
}

@Unpublished{ref:55b,
  title        = "Math 55b: Honors Real and Complex Analysis",
  year         = "2015",
  author       = "Dennis Gaitsgory",
  editor       = "Evan Chen",
  publisher    = "Harvard College",
  URL          = "https://web.evanchen.cc/coursework.html",
}

@Unpublished{ref:145a,
  title        = "Math 145a: Set Theory {I}",
  year         = "2014",
  author       = "Peter Koellner",
  editor       = "Evan Chen",
  publisher    = "Harvard College",
  URL          = "https://web.evanchen.cc/coursework.html",
}

@Unpublished{ref:18-435,
  title        = "{18.435J}: Quantum Computation",
  year         = "2015",
  author       = "Seth Lloyd",
  editor       = "Evan Chen",
  publisher    = "MIT",
  URL          = "https://web.evanchen.cc/coursework.html",
}

// Physical books used extensively
@Book{ref:pugh,
  author       = "C. C. Pugh",
  title        = "Real mathematical analysis",
  publisher    = "Springer",
  year         = "2002",
  address      = "New York",
  ISBN         = "978-0-387-95297-0",
}

@Book{ref:msci,
  author       = "Tom Leinster",
  title        = "Basic category theory",
  publisher    = "Cambridge University Press",
  year         = "2014",
  address      = "Cambridge",
  ISBN         = "978-1-107-04424-1",
  URL          = "https://arxiv.org/abs/1612.09375",
}

@Book{ref:AGinvitation,
  title        = "An Invitation to Algebraic Geometry (Universitext)",
  author       = "Karen Smith and Lauri Kahanp{\"a}{\"a} and Pekka
                 Kek{\"a}l{\"a}inen and William Traves",
  publisher    = "Springer",
  year         = "2004",
  month        = "1",
  edition      = "1st",
  ISBN         = "9780-387-98980-8",
  URL          = "https://amazon.com/o/ASIN/0387989803/",
  price        = "59.95",
  totalpages   = "164",
  timestamp    = "2015.04.23",
}

@Book{ref:hatcher,
  title        = "Algebraic topology",
  author       = "Allen Hatcher",
  publisher    = "Cambridge University Press",
  address      = "Cambridge, New York",
  URL          = "https://opac.inria.fr/record=b1122188",
  ISBN         = "0-521-79160-X",
  year         = "2002",
}

@Book{ref:miranda,
  author       = "R. Miranda",
  title        = "Algebraic Curves and Riemann Surfaces",
  ISBN         = "9780-8218-0268-7",
  LCCN         = "95001947",
  series       = "Dimacs Series in Discrete Mathematics and Theoretical
                 Comput",
  year         = "1995",
  publisher    = "American Mathematical Society",
}

// Notes used extensively
@Unpublished{ref:dartmouth,
  title        = "Math 43: Complex Analysis",
  year         = "2012",
  author       = "Andrew Yang",
  institution  = "Dartmouth College",
  URL          = "https://math.dartmouth.edu/~m43s12/syllabus.html",
}

@Unpublished{ref:oggier_NT,
  title        = "Algebraic Number Theory",
  year         = "2010",
  author       = "Frederique Oggier",
  institution  = "Nanyang Technological University",
  URL          = "https://feog.github.io/ANT10.pdf",
}

@Unpublished{ref:analytic_NT,
  title        = "Introduction to Analytic Number Theory",
  author       = "A. J. Hildebrand",
  year         = "2013",
  institution  = "University of Illinois",
  URL          = "https://web.archive.org/web/20230326025121/https://faculty.math.illinois.edu/~hildebr/ant/main.pdf",
}

@Unpublished{ref:manifolds,
  title        = "Manifolds and Differential Forms",
  author       = "Reyer Sjamaar",
  year         = "2005",
  institution  = "Cornell University",
  URL          = "https://pi.math.cornell.edu/~sjamaar/manifolds/manifold.pdf",
}

@Unpublished{ref:lenstra_chebotarev,
  title        = "The Chebotarev Density Theorem",
  author       = "Hendrik Lenstra",
  year         = "2002",
  institution  = "Leiden University",
  URL          = "https://websites.math.leidenuniv.nl/algebra/",
}

@Unpublished{ref:vakil,
  title        = "The Rising Sea: Foundations of Algebraic Geometry",
  author       = "Ravi Vakil",
  year         = "2017",
  month        = "11",
  day          = "17",
  institution  = "Stanford University",
  URL          = "https://math.stanford.edu/~vakil/216blog/",
}

@Unpublished{ref:gathmann,
  title        = "Algebraic Geometry",
  author       = "Andreas Gathmann",
  year         = "2003",
  institution  = "Technischen Universitat Kaiserslautern",
  URL          = "https://www.mathematik.uni-kl.de/~gathmann/de/alggeom.php",
}

@Unpublished{ref:maxim752,
  title        = "Math 752 Topology Lecture Notes",
  author       = "Laurentiu Maxim",
  year         = "2013",
  institution  = "University of Wisconsin-Madison",
  URL          = "https://www.math.wisc.edu/~maxim/752notes.pdf",
}

@Unpublished{ref:etingof,
  title        = "Introduction to Representation Theory",
  author       = "Pavel Etingof",
  year         = "2011",
  institution  = "MIT",
  URL          = "https://math.mit.edu/~etingof/replect.pdf",
}

@Unpublished{ref:gorin,
  title        = "18.175: Theory of Probability",
  author       = "Vadim Gorin",
  editor       = "Tony Zhang",
  institution  = "MIT",
  year         = "2018",
  URL          = "https://web.archive.org/web/20190617235844/http://web.mit.edu/txz/www/links.html",
}

// Notes used in passing
@Unpublished{ref:covering_all_we_know,
  title        = "Covering Spaces Done Right",
  author       = "Dror Bar-Natan",
  URL          = "https://www.math.toronto.edu/drorbn/classes/0102/AlgTop/CoveringsDoneRight.ps",
}

@Unpublished{ref:lebesgue,
  title        = "A Crash Course on the Lebesgue Integral and Measure
                 Theory",
  author       = "Steve Cheng",
  year         = "2008",
  month        = "4",
  day          = "27",
  URL          = "https://www.gold-saucer.org/math/lebesgue/lebesgue-new.pdf",
}

@Unpublished{ref:ullery,
  title        = "Minkowski Theory and the Class Number",
  year         = "2008",
  author       = "Brooke Ullery",
  publisher    = "Chicago REU",
  URL          = "https://www.math.uchicago.edu/~may/VIGRE/VIGRE2008/REUPapers/Ullery.pdf",
}

@Unpublished{ref:miquel,
  title        = "An Axiomatic Presentation of the Method of Forcing",
  author       = "Alexandre Miquel",
  year         = "2014",
  publisher    = "Universidad de la Republica - Uruguay",
  URL          = "https://www.fing.edu.uy/~amiquel/forcing/",
}

// Physical books used lightly
@Book{ref:axler,
  author       = "Sheldon Axler",
  title        = "Linear algebra done right",
  publisher    = "Springer",
  year         = "1997",
  address      = "New York",
  ISBN         = "978-0-387-98258-8",
}

@Book{ref:bak_ca,
  author       = "Joseph Bak",
  title        = "Complex analysis",
  publisher    = "Springer Science+Business Media, LLC",
  year         = "2010",
  address      = "New York",
  ISBN         = "978-1-4419-7287-3",
}

@Book{ref:dummit_foote,
  title        = "Abstract Algebra",
  author       = "David Dummit and Richard Foote",
  publisher    = "Wiley,2003",
  year         = "0003",
  month        = "7",
  asin         = "B00LZMW1DQ",
  URL          = "https://amazon.com/o/ASIN/B00LZMW1DQ/",
  timestamp    = "2015.04.04",
}

@Book{ref:munkres,
  title        = "Topology",
  author       = "James Munkres",
  publisher    = "Prentice-Hall, Inc.",
  year         = "2000",
  month        = "1",
  edition      = "2nd",
  ISBN         = "97881-203-2046-8",
  URL          = "https://amazon.com/o/ASIN/8120320468/",
  price        = "36.99",
  totalpages   = "537",
  timestamp    = "2015.11.27",
}

@Book{ref:schikof,
  title        = "Ultrametric Calculus: An Introduction to P-Adic
                 Analysis",
  author       = "W. H. Schikhof",
  ISBN         = "9780-521-03287-2",
  LCCN         = "83007466",
  series       = "Cambridge Studies in Advanced Mathematics",
  URL          = "https://books.google.com/books?id=cBT05R7TH1QC",
  year         = "2007",
  publisher    = "Cambridge University Press",
}

// Blog posts and such
@Unpublished{ref:gowers,
  title        = "Normal subgroups and quotient groups",
  year         = "2011",
  author       = "Timothy Gowers",
  publisher    = "Gowers' weblog",
  URL          = "https://gowers.wordpress.com/2011/11/20/normal-subgroups-and-quotient-groups/",
}

@Unpublished{ref:aops_burnside,
  title        = "Burnside's Lemma, post 6",
  year         = "2013",
  author       = "Maxima",
  publisher    = "Art of Problem Solving",
  URL          = "https://www.aops.com/Forum/viewtopic.php?p=3089768#p3089768",
}

@Unpublished{ref:holden,
  title        = "Number Theory",
  author       = "Holden Lee",
  URL          = "https://github.com/holdenlee/number-theory",
}
